<record><leader>00000cas a2200000 a 4500</leader><controlfield tag="001">10847087</controlfield><controlfield tag="008">840615d18701873vtuwr ne      0    0eng d</controlfield><datafield ind1=" " ind2=" " tag="010"><subfield code="a">sn 84023242 </subfield></datafield><datafield ind1=" " ind2=" " tag="040"><subfield code="a">AQM</subfield><subfield code="b">eng</subfield><subfield code="c">AQM</subfield><subfield code="d">NPX</subfield><subfield code="d">NVN</subfield><subfield code="d">OCLCG</subfield><subfield code="d">OCLCQ</subfield><subfield code="d">OCLCF</subfield><subfield code="d">OCLCO</subfield></datafield><datafield ind1="1" ind2=" " tag="029"><subfield code="a">AU@</subfield><subfield code="b">000025821478</subfield></datafield><datafield ind1=" " ind2=" " tag="042"><subfield code="a">msc</subfield></datafield><datafield ind1=" " ind2=" " tag="043"><subfield code="a">n-us-vt</subfield></datafield><datafield ind1="0" ind2="0" tag="245"><subfield code="a">St. Albans messenger and transcript.</subfield></datafield><datafield ind1="3" ind2=" " tag="246"><subfield code="a">Saint Albans messenger and transcript</subfield></datafield><datafield ind1="1" ind2="3" tag="246"><subfield code="a">Messenger and transcript</subfield></datafield><datafield ind1=" " ind2=" " tag="260"><subfield code="a">St. Albans, Vt. :</subfield><subfield code="b">Clarke &amp; Taylor</subfield></datafield><datafield ind1=" " ind2=" " tag="300"><subfield code="a">v.</subfield></datafield><datafield ind1=" " ind2=" " tag="310"><subfield code="a">Weekly</subfield></datafield><datafield ind1="1" ind2=" " tag="362"><subfield code="a">Began in 1870?</subfield><subfield code="z">Cf. Gregory, W. Amer. newspapers.</subfield></datafield><datafield ind1="0" ind2=" " tag="362"><subfield code="a">-v. 36, no. 9 (Jan. 24, 1873) = whole no., 1836.</subfield></datafield><datafield ind1=" " ind2=" " tag="500"><subfield code="a">Editor: A. Clarke, 1870-1873.</subfield></datafield><datafield ind1=" " ind2=" " tag="580"><subfield code="a">Formed by the union of: Vermont transcript, and: St. Albans messenger (Saint Albans, Vt. : 1843).</subfield></datafield><datafield ind1=" " ind2=" " tag="588"><subfield code="a">Description based on: Vol. 33, no. 39 (Aug. 12, 1870) = whole no. 1703.</subfield></datafield><datafield ind1=" " ind2="0" tag="651"><subfield code="a">Saint Albans (Vt.)</subfield><subfield code="v">Newspapers.</subfield></datafield><datafield ind1=" " ind2="0" tag="651"><subfield code="a">Vermont</subfield><subfield code="v">Newspapers.</subfield></datafield><datafield ind1=" " ind2="7" tag="655"><subfield code="a">Newspapers.</subfield><subfield code="2">fast</subfield><subfield code="0">(OCoLC)fst01423814</subfield></datafield><datafield ind1=" " ind2="7" tag="651"><subfield code="a">Vermont.</subfield><subfield code="2">fast</subfield><subfield code="0">(OCoLC)fst01204305</subfield></datafield><datafield ind1=" " ind2="7" tag="651"><subfield code="a">Vermont</subfield><subfield code="z">Saint Albans.</subfield><subfield code="2">fast</subfield><subfield code="0">(OCoLC)fst01222426</subfield></datafield><datafield ind1="1" ind2=" " tag="700"><subfield code="a">Clarke, Albert,</subfield><subfield code="d">1840-1911.</subfield></datafield><datafield ind1=" " ind2=" " tag="752"><subfield code="a">United States</subfield><subfield code="b">Vermont</subfield><subfield code="c">Franklin</subfield><subfield code="d">Saint Albans.</subfield></datafield><datafield ind1="0" ind2=" " tag="775"><subfield code="t">St. Albans daily messenger (Saint Albans, Vt. : 1863)</subfield><subfield code="w">(DLC)sn 84023244</subfield><subfield code="w">(OCoLC)10818968</subfield></datafield><datafield ind1="1" ind2="4" tag="780"><subfield code="t">Vermont transcript</subfield><subfield code="w">(DLC)sn 84023246</subfield><subfield code="w">(OCoLC)10847221</subfield></datafield><datafield ind1="1" ind2="4" tag="780"><subfield code="t">St. Albans messenger (Saint Albans, Vt. : 1843)</subfield><subfield code="w">(DLC)sn 84023241</subfield><subfield code="w">(OCoLC)10847035</subfield></datafield><datafield ind1="0" ind2="0" tag="785"><subfield code="t">St. Albans weekly messenger and transcript</subfield><subfield code="w">(DLC)sn 85033224</subfield><subfield code="w">(OCoLC)11774216</subfield></datafield></record>